5180.23 7151.60
5180.94 7148.72
5182.16 7143.80
5184.01 7136.35
5186.27 7127.24
5189.09 7115.83
5192.17 7103.43
5194.33 7094.73
5195.54 7089.84
5197.98 7083.65
5205.43 7080.19
5215.74 7078.28
5228.68 7075.90
5242.04 7072.49
5254.61 7068.93
5267.14 7064.39
5279.83 7059.58
5292.29 7054.75
5304.49 7049.07
5317.12 7042.97
5328.95 7036.10
5339.64 7028.98
5350.65 7021.05
5361.26 7013.40
5371.45 7005.42
5381.23 6996.55
5390.64 6987.86
5400.22 6977.57
5409.78 6967.30
5418.64 6957.77
5428.35 6947.33
5437.66 6936.84
5446.33 6927.04
5455.51 6916.70
5464.89 6906.14
5474.09 6895.78
5480.56 6888.50
5484.23 6884.37
5489.00 6878.84
5495.13 6871.59
5502.91 6862.11
5511.75 6851.18
5520.32 6840.58
5528.76 6830.14
5537.31 6819.56
5545.62 6809.25
5554.06 6798.63
5562.79 6787.65
5570.85 6777.61
5579.63 6766.87
5588.17 6756.84
5596.81 6747.09
5606.21 6736.90
5614.98 6727.22
5624.13 6716.89
5632.65 6706.58
5641.04 6695.64
5649.57 6684.53
5657.53 6674.16
5665.78 6663.41
5673.10 6652.39
5680.32 6640.51
5687.26 6628.05
5693.59 6615.51
5699.52 6603.78
5703.72 6595.47
5706.36 6590.26
5707.17 6588.66
5707.17 6588.66
5707.17 6588.66
5707.17 6588.66
5707.17 6588.66
5707.17 6588.66
5707.17 6588.66
5707.17 6588.66
5707.17 6588.66
5707.17 6588.66
5707.17 6588.66
5707.17 6588.66
5707.17 6588.66
5707.17 6588.66
5707.17 6588.66
5707.17 6588.66
5707.17 6588.66
5707.17 6588.66
5707.17 6588.66
5707.17 6588.66
5707.17 6588.66
5707.17 6588.66
5707.17 6588.66
5707.17 6588.66
5707.17 6588.66
5707.17 6588.66
5707.17 6588.66
5707.17 6588.66
5707.17 6588.66
5707.17 6588.66
5707.17 6588.66
5707.17 6588.66
5707.17 6588.66
5707.88 6587.18
5709.27 6584.00
5711.82 6578.21
5715.46 6569.94
5720.72 6559.26
5726.79 6547.55
5733.34 6534.92
5739.41 6523.01
5745.80 6510.46
5752.09 6498.08
5758.48 6485.52
5764.33 6473.98
5767.32 6460.78
5773.47 6448.62
5779.32 6437.08
5785.57 6424.73
5791.56 6412.90
5797.68 6400.68
5803.20 6388.30
5808.99 6375.80
5814.87 6363.55
5820.53 6351.73
5826.77 6339.56
5832.64 6327.55
5838.71 6315.72
5845.08 6304.15
5851.37 6292.43
5858.07 6279.95
5864.52 6267.93
5870.56 6256.69
5876.88 6244.25
5882.98 6231.76
5889.05 6219.33
5894.66 6207.85
5900.40 6196.10
5906.50 6183.66
5912.64 6171.32
5918.80 6158.93
5924.71 6147.06
5930.74 6134.93
5936.45 6123.44
5942.37 6111.55
5948.08 6100.07
5953.84 6088.50
5959.65 6076.81
5965.90 6064.24
5974.55 6054.24
5980.37 6042.49
5986.02 6030.48
5991.18 6018.23
5996.64 6005.26
6001.73 5993.18
6007.06 5980.52
6012.30 5968.05
6017.33 5956.11
6022.54 5943.74
6027.62 5931.67
6032.73 5919.54
6037.76 5907.57
6042.99 5895.14
6048.42 5882.26
6053.73 5870.22
6059.46 5858.35
6063.90 5845.53
6064.80 5832.69
6065.72 5819.35
6066.62 5806.10
6067.57 5792.31
6068.46 5779.33
6069.04 5770.87
6069.33 5766.59
6069.35 5766.29
6069.35 5766.26
6069.35 5766.26
6069.35 5766.25
6069.35 5766.25
6069.35 5766.25
6069.35 5766.25
6069.35 5766.25
6069.35 5766.25
6069.35 5766.25
6069.35 5766.25
6069.35 5766.25
6069.35 5766.25
6069.35 5766.25
6069.35 5766.25
6069.35 5766.25
6069.35 5766.25
6069.35 5766.25
6069.35 5766.25
6069.64 5763.95
6070.39 5759.48
6073.25 5754.10
6081.06 5750.80
6091.91 5750.17
6104.82 5749.47
6118.42 5748.78
6131.96 5748.08
6145.35 5747.40
6158.18 5743.44
6171.81 5742.74
6185.02 5742.06
6199.11 5741.34
6212.76 5740.48
6226.12 5739.47
6240.01 5738.41
6253.50 5737.30
6267.39 5736.06
6281.07 5735.25
6295.23 5734.34
6308.69 5733.48
6322.01 5732.65
6333.25 5732.06
6339.96 5728.40
6344.08 5728.19
6344.53 5728.17
6344.74 5728.16
6344.82 5728.15
6344.83 5728.15
6344.84 5728.15
6344.84 5728.15
6344.84 5728.15
6344.84 5728.15
6344.84 5728.15
6344.84 5728.15
6344.84 5728.15
6344.84 5728.15
6344.84 5728.15
6344.84 5728.15
6344.84 5728.15
6344.84 5728.15
6344.84 5728.15
6344.84 5728.15
6344.84 5728.15
6344.84 5728.15
6346.62 5728.01
6350.05 5727.64
6355.71 5727.01
6364.15 5726.08
6374.65 5724.92
6386.82 5723.59
6399.84 5722.21
6414.63 5723.95
6427.71 5722.67
6441.59 5721.94
6455.81 5721.19
6468.76 5720.91
6481.68 5720.77
6495.33 5720.86
6508.73 5721.21
6522.43 5721.79
6535.17 5722.72
6548.18 5723.66
6561.49 5723.65
6575.34 5722.23
6588.27 5718.58
6598.61 5712.93
6604.85 5709.03
6607.05 5707.21
6607.09 5707.18
6607.12 5707.16
6607.12 5707.15
6607.13 5707.15
6607.13 5707.15
6607.13 5707.15
6607.13 5707.15
6607.13 5707.15
6607.13 5707.15
6607.13 5707.15
6607.13 5707.15
6607.13 5707.15
6607.13 5707.15
6607.13 5707.15
6607.13 5707.15
6607.13 5707.15
6607.13 5707.15
6607.13 5707.15
6607.13 5707.15
6607.13 5707.15
6607.13 5707.15
6607.13 5707.15
6607.13 5707.15
6607.13 5707.15
6607.13 5707.15
6607.13 5707.15
6607.13 5707.15
6607.13 5707.15
6607.13 5707.15
6607.13 5707.15
6607.13 5707.15
6607.13 5707.15
6607.13 5707.15
6607.13 5707.15
6607.13 5707.15
6607.13 5707.15
6607.13 5707.15
6607.13 5707.15
6607.13 5707.15
6607.13 5707.15
6607.13 5707.15
6607.13 5707.15
6607.13 5707.15
6607.13 5707.15
6607.13 5707.15
6607.13 5707.15
6608.94 5705.51
6611.62 5700.66
6611.05 5692.34
6614.47 5682.92
6618.55 5671.70
6623.26 5658.71
6627.97 5645.64
6632.61 5632.43
6640.02 5621.12
6651.15 5614.81
6664.19 5611.14
6677.04 5608.82
6690.02 5606.68
6703.70 5604.05
6716.92 5601.51
6730.08 5598.97
6743.03 5596.77
6756.26 5594.52
6770.23 5591.81
6783.27 5589.33
6796.85 5586.97
6810.23 5584.15
6823.93 5581.34
6837.40 5578.58
6850.30 5575.93
6863.40 5573.24
6876.29 5570.60
6889.75 5567.84
6903.11 5565.10
6916.75 5562.30
6929.73 5559.64
6942.82 5556.95
6955.40 5554.37
6968.25 5551.73
6982.06 5548.90
6995.40 5546.16
7008.49 5543.48
7021.93 5540.72
7035.50 5537.94
7048.92 5535.18
7062.22 5532.46
7075.99 5529.64
7089.49 5526.88
7103.36 5524.04
7117.16 5521.26
7131.16 5518.44
7145.03 5515.43
7158.49 5512.47
7171.73 5509.76
7185.44 5506.98
7198.83 5504.23
7212.50 5501.85
7221.89 5500.29
7226.84 5499.47
7227.34 5499.38
7227.43 5499.37
7227.44 5499.37
7227.45 5499.36
7227.45 5499.36
7227.45 5499.36
7227.45 5499.36
7227.45 5499.36
7227.45 5499.36
7227.45 5499.36
7227.45 5499.36
7227.45 5499.36
7227.45 5499.36
7227.45 5499.36
7227.45 5499.36
7227.45 5499.36
7227.45 5499.36
7227.45 5499.36
7227.45 5499.36
7227.45 5499.36
7227.45 5499.36
7227.45 5499.36
7227.45 5499.36
7227.45 5499.36
7227.45 5499.36
7227.45 5499.36
7230.13 5499.03
7234.53 5498.59
7240.83 5497.96
7249.34 5497.13
7260.17 5496.17
7273.36 5495.32
7287.11 5495.86
7300.58 5497.59
7312.40 5500.11
7320.13 5501.76
7323.44 5502.47
7324.33 5502.66
7325.07 5502.81
7325.18 5502.84
7325.20 5502.84
7325.22 5502.85
7325.22 5502.85
7325.22 5502.85
7325.22 5502.85
7325.22 5502.85
7325.22 5502.85
7325.22 5502.85
7325.22 5502.85
7325.22 5502.85
7325.22 5502.85
7325.22 5502.85
7325.22 5502.85
7325.22 5502.85
7325.22 5502.85
7325.22 5502.85
7325.22 5502.85
7325.22 5502.85
7325.22 5502.85
7325.22 5502.85
7325.22 5502.85
7325.22 5502.85
7325.22 5502.85
7325.22 5502.85
7325.22 5502.85
7325.22 5502.85
7325.22 5502.85
7325.22 5502.85
7325.22 5502.85
7325.22 5502.85
7325.22 5502.85
7327.88 5503.20
7329.43 5499.62
7327.80 5492.75
7325.66 5484.35
7324.97 5473.68
7320.15 5461.59
7314.92 5448.47
7309.85 5435.75
7304.72 5422.86
7299.95 5410.88
7294.97 5398.38
7290.07 5386.09
7284.81 5372.90
7279.97 5360.75
7275.15 5348.63
7270.24 5336.29
7266.00 5323.52
7267.12 5311.44
7266.96 5297.54
7269.82 5284.22
7276.66 5273.46
7286.69 5263.76
7297.05 5255.42
7308.21 5247.71
7318.65 5240.34
7329.23 5232.87
7339.90 5225.34
7351.16 5217.38
7362.85 5209.62
7374.53 5202.35
7385.28 5195.65
7396.04 5188.95
7409.30 5184.40
7421.94 5180.82
7435.48 5176.99
7449.05 5173.24
7462.41 5171.37
7475.20 5169.55
7485.03 5168.62
7490.41 5168.14
7496.76 5170.44
7488.45 5177.21
7476.87 5183.58
7464.46 5189.76
7451.69 5196.12
7439.63 5202.13
7427.67 5208.10
7416.56 5214.62
7407.59 5224.03
7406.99 5237.90
7407.85 5251.45
7409.22 5265.28
7411.69 5278.87
7414.08 5291.93
7416.63 5305.42
7424.57 5316.42
7432.87 5327.92
7440.83 5338.40
7449.49 5348.20
7458.00 5357.83
7468.05 5366.46
7479.13 5374.82
7487.98 5381.50
7493.23 5385.47
7500.83 5385.21
7509.73 5376.76
7523.42 5373.38
7532.86 5365.49
7539.66 5353.35
7546.31 5342.28
7553.70 5330.43
7560.54 5319.47
7567.85 5307.75
7575.33 5295.76
7582.36 5284.47
7589.14 5273.61
7596.39 5261.97
7603.49 5250.60
7610.90 5238.72
7618.41 5226.78
7625.92 5215.77
7633.88 5204.11
7641.70 5192.69
7649.76 5180.95
7657.12 5170.21
7656.68 5158.75
7648.30 5147.83
7647.32 5135.46
7659.21 5129.25
7671.89 5123.37
7682.96 5116.96
7691.75 5107.45
7699.24 5096.91
7707.17 5085.75
7714.83 5074.97
7722.74 5063.84
7730.39 5053.07
7737.89 5042.52
7742.93 5029.70
7750.53 5018.80
7758.36 5007.09
7765.63 4996.22
7772.80 4985.51
7779.91 4974.87
7787.43 4963.63
7794.75 4952.63
7801.85 4941.21
7808.85 4929.82
7816.03 4918.11
7822.86 4906.97
7830.30 4894.84
7837.51 4883.06
7842.84 4871.38
7848.06 4859.52
7853.33 4847.52
7858.65 4835.44
7863.50 4823.01
7868.19 4809.76
7869.55 4798.13
7857.43 4793.82
7844.46 4789.29
7831.20 4784.67
7818.25 4780.15
7805.98 4775.87
7796.77 4772.65
7791.67 4770.16
7790.68 4763.20
7793.60 4754.58
7797.06 4744.32
7801.38 4731.55
7805.63 4718.97
7810.12 4705.67
7814.25 4693.47
7818.34 4681.34
7822.69 4668.47
7827.12 4655.37
7831.21 4643.26
7835.74 4629.86
7840.29 4616.39
7843.59 4606.63
7845.72 4600.32
7848.33 4592.54
7851.62 4582.56
7855.65 4570.17
7859.91 4557.94
7864.38 4545.29
7868.91 4532.47
7873.45 4519.60
7878.04 4506.62
7882.56 4493.85
7886.92 4481.51
7891.29 4469.14
7895.74 4456.56
7898.91 4447.58
7900.97 4441.76
7904.92 4434.37
7916.32 4431.68
7929.16 4437.05
7941.60 4442.26
7954.56 4447.46
7966.62 4452.24
7975.81 4455.88
7980.83 4457.86
7982.09 4458.36
7982.64 4458.58
7982.88 4458.68
7982.99 4458.72
7983.00 4458.72
7983.00 4458.72
7983.00 4458.72
7983.00 4458.72
7983.00 4458.72
7983.00 4458.72
7983.00 4458.72
7983.00 4458.72
7983.00 4458.72
7983.00 4458.72
7983.00 4458.72
7983.00 4458.72
7983.00 4458.72
7983.00 4458.72
7983.00 4458.72
7983.00 4458.72
7983.00 4458.72
7983.00 4458.72
7983.00 4458.72
7983.00 4458.72
7983.00 4458.72
7983.00 4458.72
7983.00 4458.72
7983.00 4458.72
7983.00 4458.72
7983.00 4458.72
7983.00 4458.72
7983.00 4458.72
7983.00 4458.72
7983.00 4458.72
7983.00 4458.72
7983.00 4458.72
7983.00 4458.72
7983.00 4458.72
7983.00 4458.72
7983.00 4458.72
7983.00 4458.72
7983.00 4458.72
7983.00 4458.72
7983.00 4458.72
7983.00 4458.72
7983.00 4458.72
7983.00 4458.72
7985.71 4459.34
7988.32 4456.02
7990.44 4449.71
7993.23 4441.41
7996.93 4430.36
8004.49 4418.21
8008.89 4405.11
8013.14 4392.42
8017.34 4379.91
8021.86 4366.48
8026.34 4353.12
8030.49 4340.75
8034.98 4327.33
8039.09 4315.06
8043.42 4302.14
8047.64 4289.56
8051.75 4277.29
8056.16 4264.11
8060.57 4250.95
8064.91 4238.00
8069.09 4225.54
8073.27 4213.09
8077.47 4200.59
8081.88 4188.10
8086.69 4175.22
8091.56 4162.56
8097.17 4149.69
8102.60 4137.83
8108.89 4125.46
8116.57 4113.86
8125.56 4102.93
8133.92 4093.13
8143.13 4082.32
8151.65 4072.33
8160.01 4062.52
8166.12 4050.25
8175.15 4039.66
8183.88 4029.39
8192.22 4018.72
8200.90 4007.47
8208.98 3997.18
8218.02 3986.46
8227.89 3977.30
8238.82 3968.57
8249.44 3960.03
8259.96 3951.58
8270.01 3943.49
8280.15 3934.20
8288.94 3924.85
8296.28 3913.28
8302.50 3901.60
8308.73 3889.91
8315.18 3877.81
8321.43 3866.07
8328.07 3853.60
8334.41 3841.83
8341.15 3829.35
8347.25 3818.04
8353.99 3805.55
8360.24 3793.95
8366.35 3782.63
8372.77 3770.73
8379.22 3758.77
8385.59 3746.94
8391.83 3735.46
8399.09 3723.89
8405.27 3712.17
8411.22 3700.75
8417.54 3688.76
8423.71 3676.20
8429.23 3664.51
8434.74 3652.25
8439.85 3640.03
8445.17 3627.30
8450.48 3614.60
8455.95 3601.53
8461.35 3588.59
8466.83 3575.49
8472.47 3562.92
8478.89 3550.19
8485.15 3537.79
8492.05 3525.40
8499.50 3514.43
8507.45 3502.75
8515.53 3491.04
8524.56 3480.06
8533.27 3469.47
8541.62 3459.31
8550.36 3448.67
8558.65 3438.59
8567.71 3428.21
8576.97 3417.92
8585.81 3408.66
8595.51 3398.93
8605.06 3389.78
8615.31 3381.77
8625.71 3373.63
8636.85 3365.50
8648.20 3357.38
8658.88 3349.89
8669.73 3342.68
8681.24 3335.04
8692.51 3327.56
8703.34 3320.36
8714.14 3313.20
8725.04 3305.99
8736.39 3298.63
8747.81 3291.22
8759.01 3283.69
8768.55 3274.88
8776.93 3264.89
8784.39 3253.86
8790.26 3242.25
8795.10 3230.05
8798.38 3216.95
8799.26 3203.61
8799.36 3190.00
8798.45 3176.75
8797.55 3163.46
8796.65 3149.90
8795.79 3136.87
8794.93 3123.90
8794.07 3110.86
8793.16 3097.21
8792.27 3083.66
8789.00 3071.04
8784.50 3058.76
8780.06 3046.61
8774.45 3033.76
8768.54 3021.18
8762.67 3008.70
8756.94 2996.49
8751.26 2984.40
8745.82 2972.78
8739.93 2960.09
8734.89 2947.64
8734.03 2934.27
8734.70 2920.72
8737.19 2906.79
8740.53 2893.66
8743.99 2880.08
8747.51 2866.27
8751.00 2852.58
8756.51 2839.58
8761.94 2827.01
8767.20 2814.66
8771.67 2801.99
8774.84 2789.02
8777.40 2775.40
8780.00 2761.57
8786.63 2750.57
8793.83 2739.09
8801.31 2727.16
8808.52 2715.66
8815.82 2704.02
8822.03 2692.55
8824.38 2679.81
8818.03 2669.02
8806.64 2661.98
8795.43 2654.14
8797.85 2641.23
8801.77 2627.75
8805.57 2614.47
8807.81 2601.88
8797.53 2592.88
8785.98 2584.76
8775.31 2576.41
8766.11 2566.69
8757.16 2555.85
8748.95 2545.91
8740.64 2535.86
8732.53 2526.04
8727.29 2519.69
8724.28 2516.05
8721.83 2509.98
8716.19 2501.53
8705.75 2497.00
8692.89 2491.40
8682.03 2487.60
8675.23 2486.35
8669.99 2480.60
8671.89 2469.48
8673.49 2456.45
8669.83 2444.06
8668.21 2430.52
8671.06 2417.52
8673.94 2404.35
8676.84 2391.08
8679.76 2377.72
8682.73 2364.12
8684.75 2354.91
8685.80 2350.09
8683.77 2344.97
8675.16 2343.28
8664.50 2341.19
8651.49 2338.64
8638.90 2336.18
8626.34 2332.97
8613.09 2328.51
8604.56 2322.75
8599.64 2319.38
8593.76 2314.16
8595.12 2305.42
8601.86 2296.22
8607.62 2282.98
8614.05 2268.17
8620.62 2253.06
8627.00 2237.46
8630.88 2221.39
8633.86 2205.14
8636.52 2188.68
8639.21 2171.99
8641.73 2156.39
8644.51 2139.82
8647.78 2124.39
8651.41 2108.35
8655.02 2092.60
8658.72 2076.90
8662.30 2061.65
8665.79 2045.46
8669.05 2029.41
8671.99 2012.57
8674.06 1997.03
8675.16 1980.38
8676.29 1963.30
8677.38 1946.95
8678.84 1931.00
8681.69 1914.95
8684.90 1898.33
8687.53 1882.48
8689.07 1866.25
8687.86 1850.12
8685.79 1834.06
8683.56 1817.49
8680.79 1800.61
8677.96 1784.03
8675.24 1768.07
8671.47 1752.68
8666.45 1736.64
8660.08 1722.07
8651.26 1707.31
8641.77 1694.70
8630.64 1683.09
8620.04 1672.03
8612.57 1664.24
8608.37 1659.30
8607.76 1650.59
8616.58 1643.46
8627.35 1635.94
8638.48 1627.53
8648.61 1618.86
8658.11 1609.83
8667.23 1599.21
8675.42 1588.90
8682.09 1575.18
8690.76 1564.25
8699.59 1553.33
8708.57 1542.61
8716.80 1532.21
8724.74 1522.15
8733.30 1511.32
8738.49 1499.28
8741.02 1485.62
8742.80 1472.13
8744.48 1459.45
8746.29 1445.73
8747.98 1432.99
8749.84 1418.90
8751.52 1406.18
8753.32 1392.53
8755.13 1378.88
8756.91 1365.43
8758.62 1352.48
8760.34 1339.44
8762.20 1325.33
8763.95 1312.12
8765.73 1298.62
8767.43 1285.78
8769.20 1272.43
8770.96 1259.05
8772.78 1245.29
8774.50 1232.29
8776.24 1219.15
8777.95 1206.16
8779.77 1192.40
8781.52 1179.15
8783.27 1165.92
8785.05 1152.42
8787.33 1139.59
8793.39 1128.50
8803.18 1118.48
8813.60 1110.97
8824.95 1102.79
8835.98 1094.85
8847.25 1086.73
8857.82 1079.11
8869.86 1073.52
8880.27 1064.61
8890.91 1055.50
8901.22 1046.14
8910.62 1036.73
8919.80 1027.54
8929.54 1017.79
8939.46 1008.38
8951.47 1003.23
8964.72 1004.86
8978.28 1008.20
8991.09 1011.36
9003.74 1014.47
9016.61 1017.64
9029.64 1020.85
9042.57 1024.03
9055.68 1027.26
9069.33 1030.62
9083.06 1034.00
9096.80 1037.38
9107.07 1039.91
9113.60 1039.94
9116.78 1039.47
9117.45 1039.37
9117.51 1039.36
9117.53 1039.36
9117.54 1039.36
9117.54 1039.36
9117.54 1039.36
9117.54 1039.36
9117.54 1039.36
9117.54 1039.36
9117.54 1039.36
9117.54 1039.36
9117.54 1039.36
9117.54 1039.36
9117.54 1039.36
9117.54 1039.36
9117.54 1039.36
9117.54 1039.36
9117.54 1039.36
9117.54 1039.36
9117.54 1039.36
9117.54 1039.36
9117.54 1039.36
9117.54 1039.36
9117.54 1039.36
9117.54 1039.36
9117.54 1039.36
9117.54 1039.36
9117.54 1039.36
9117.54 1039.36
9117.54 1039.36
9117.54 1039.36
9117.54 1039.36
9117.54 1039.36
9117.54 1039.36
9117.54 1039.36
9117.54 1039.36
9117.54 1039.36
9119.52 1039.08
9124.45 1038.44
9131.88 1038.12
9140.41 1043.49
9151.51 1049.92
9165.86 1055.46
9181.42 1059.61
9196.89 1063.75
9212.59 1067.95
9229.04 1072.34
9245.02 1076.61
9260.98 1081.87
9274.69 1090.27
9287.31 1101.48
9296.56 1114.86
9304.29 1129.08
9310.69 1143.84
9316.90 1159.71
9322.93 1175.12
9331.08 1186.89
9335.76 1198.95
9340.85 1212.06
9345.63 1224.36
9350.73 1237.48
9355.37 1249.50
9355.79 1263.88
9359.11 1276.31
9361.52 1290.31
9363.44 1303.12
9365.38 1315.97
9367.35 1329.14
9369.08 1341.90
9370.84 1355.59
9372.62 1369.47
9374.26 1382.27
9375.97 1395.65
9377.76 1409.58
9379.56 1423.60
9381.31 1437.27
9382.97 1450.24
9384.61 1463.01
9386.24 1475.68
9387.93 1488.92
9390.75 1502.27
9394.11 1514.65
9397.80 1528.23
9401.29 1541.06
9403.98 1550.93
9404.99 1556.55
9400.58 1561.73
9390.41 1562.73
9379.52 1568.92
9369.93 1577.23
9361.40 1588.15
9355.82 1600.19
9349.87 1613.02
9344.14 1625.35
9338.60 1637.30
9332.83 1649.75
9327.15 1661.98
9321.37 1674.45
9315.89 1686.26
9310.37 1698.17
9304.71 1710.38
9300.31 1722.42
9309.27 1729.55
9320.75 1733.55
9328.45 1736.23
9331.90 1737.44
9332.09 1737.50
9332.10 1737.51
9335.01 1737.53
9337.98 1732.76
9341.27 1725.74
9345.22 1717.31
9350.57 1706.31
9356.96 1693.77
9363.34 1681.40
9369.78 1668.96
9375.80 1657.32
9381.54 1646.20
9385.67 1638.23
9387.72 1634.26
